%YAML 1.1
%TAG !u! tag:unity3d.com,2011:
--- !u!1 &8128497424187053901
GameObject:
  m_ObjectHideFlags: 0
  m_CorrespondingSourceObject: {fileID: 0}
  m_PrefabInstance: {fileID: 0}
  m_PrefabAsset: {fileID: 0}
  serializedVersion: 6
  m_Component:
  - component: {fileID: 8128497424187053906}
  m_Layer: 0
  m_Name: Clues
  m_TagString: Untagged
  m_Icon: {fileID: 0}
  m_NavMeshLayer: 0
  m_StaticEditorFlags: 0
  m_IsActive: 1
--- !u!4 &8128497424187053906
Transform:
  m_ObjectHideFlags: 0
  m_CorrespondingSourceObject: {fileID: 0}
  m_PrefabInstance: {fileID: 0}
  m_PrefabAsset: {fileID: 0}
  m_GameObject: {fileID: 8128497424187053901}
  m_LocalRotation: {x: 0, y: 0, z: 0, w: 1}
  m_LocalPosition: {x: 0, y: 0, z: 0}
  m_LocalScale: {x: 1, y: 1, z: 1}
  m_Children:
  - {fileID: 3869873671250399370}
  - {fileID: 3869873672204064088}
  - {fileID: 3869873671555537999}
  - {fileID: 3869873670682121731}
  - {fileID: 3869873671239176724}
  - {fileID: 3869873671082601640}
  - {fileID: 3869873671430069919}
  - {fileID: 3869873671066572481}
  - {fileID: 7508237931735006642}
  m_Father: {fileID: 0}
  m_RootOrder: 0
  m_LocalEulerAnglesHint: {x: 0, y: 0, z: 0}
--- !u!1001 &3262904456801687208
PrefabInstance:
  m_ObjectHideFlags: 0
  serializedVersion: 2
  m_Modification:
    m_TransformParent: {fileID: 8128497424187053906}
    m_Modifications:
    - target: {fileID: -4216859302048453862, guid: 127ed3cff9c96af4e8de6ad7fcefb1f0,
        type: 3}
      propertyPath: m_LocalPosition.x
      value: 40.205
      objectReference: {fileID: 0}
    - target: {fileID: -4216859302048453862, guid: 127ed3cff9c96af4e8de6ad7fcefb1f0,
        type: 3}
      propertyPath: m_LocalPosition.y
      value: 0.627
      objectReference: {fileID: 0}
    - target: {fileID: -4216859302048453862, guid: 127ed3cff9c96af4e8de6ad7fcefb1f0,
        type: 3}
      propertyPath: m_LocalPosition.z
      value: 106.297
      objectReference: {fileID: 0}
    - target: {fileID: -4216859302048453862, guid: 127ed3cff9c96af4e8de6ad7fcefb1f0,
        type: 3}
      propertyPath: m_LocalRotation.x
      value: -0
      objectReference: {fileID: 0}
    - target: {fileID: -4216859302048453862, guid: 127ed3cff9c96af4e8de6ad7fcefb1f0,
        type: 3}
      propertyPath: m_LocalRotation.y
      value: 0.87473077
      objectReference: {fileID: 0}
    - target: {fileID: -4216859302048453862, guid: 127ed3cff9c96af4e8de6ad7fcefb1f0,
        type: 3}
      propertyPath: m_LocalRotation.z
      value: -0
      objectReference: {fileID: 0}
    - target: {fileID: -4216859302048453862, guid: 127ed3cff9c96af4e8de6ad7fcefb1f0,
        type: 3}
      propertyPath: m_LocalRotation.w
      value: 0.48460925
      objectReference: {fileID: 0}
    - target: {fileID: -4216859302048453862, guid: 127ed3cff9c96af4e8de6ad7fcefb1f0,
        type: 3}
      propertyPath: m_RootOrder
      value: 8
      objectReference: {fileID: 0}
    - target: {fileID: -4216859302048453862, guid: 127ed3cff9c96af4e8de6ad7fcefb1f0,
        type: 3}
      propertyPath: m_LocalEulerAnglesHint.x
      value: 0
      objectReference: {fileID: 0}
    - target: {fileID: -4216859302048453862, guid: 127ed3cff9c96af4e8de6ad7fcefb1f0,
        type: 3}
      propertyPath: m_LocalEulerAnglesHint.y
      value: 122.02601
      objectReference: {fileID: 0}
    - target: {fileID: -4216859302048453862, guid: 127ed3cff9c96af4e8de6ad7fcefb1f0,
        type: 3}
      propertyPath: m_LocalEulerAnglesHint.z
      value: 0
      objectReference: {fileID: 0}
    - target: {fileID: -1504981713932161579, guid: 127ed3cff9c96af4e8de6ad7fcefb1f0,
        type: 3}
      propertyPath: m_Materials.Array.data[0]
      value: 
      objectReference: {fileID: 2100000, guid: b871df1e6eff695449ce30f8332c1238, type: 2}
    - target: {fileID: -927199367670048503, guid: 127ed3cff9c96af4e8de6ad7fcefb1f0,
        type: 3}
      propertyPath: m_Name
      value: AppleIn
      objectReference: {fileID: 0}
    m_RemovedComponents: []
  m_SourcePrefab: {fileID: 100100000, guid: 127ed3cff9c96af4e8de6ad7fcefb1f0, type: 3}
--- !u!4 &7508237931735006642 stripped
Transform:
  m_CorrespondingSourceObject: {fileID: -4216859302048453862, guid: 127ed3cff9c96af4e8de6ad7fcefb1f0,
    type: 3}
  m_PrefabInstance: {fileID: 3262904456801687208}
  m_PrefabAsset: {fileID: 0}
--- !u!1001 &8128497423732227353
PrefabInstance:
  m_ObjectHideFlags: 0
  serializedVersion: 2
  m_Modification:
    m_TransformParent: {fileID: 8128497424187053906}
    m_Modifications:
    - target: {fileID: -4216859302048453862, guid: e8ee8ca5d352925448c5ee8a7017c62d,
        type: 3}
      propertyPath: m_LocalPosition.x
      value: 34.41
      objectReference: {fileID: 0}
    - target: {fileID: -4216859302048453862, guid: e8ee8ca5d352925448c5ee8a7017c62d,
        type: 3}
      propertyPath: m_LocalPosition.y
      value: 1.055
      objectReference: {fileID: 0}
    - target: {fileID: -4216859302048453862, guid: e8ee8ca5d352925448c5ee8a7017c62d,
        type: 3}
      propertyPath: m_LocalPosition.z
      value: 106.04
      objectReference: {fileID: 0}
    - target: {fileID: -4216859302048453862, guid: e8ee8ca5d352925448c5ee8a7017c62d,
        type: 3}
      propertyPath: m_LocalRotation.x
      value: 0
      objectReference: {fileID: 0}
    - target: {fileID: -4216859302048453862, guid: e8ee8ca5d352925448c5ee8a7017c62d,
        type: 3}
      propertyPath: m_LocalRotation.y
      value: -0
      objectReference: {fileID: 0}
    - target: {fileID: -4216859302048453862, guid: e8ee8ca5d352925448c5ee8a7017c62d,
        type: 3}
      propertyPath: m_LocalRotation.z
      value: -0
      objectReference: {fileID: 0}
    - target: {fileID: -4216859302048453862, guid: e8ee8ca5d352925448c5ee8a7017c62d,
        type: 3}
      propertyPath: m_LocalRotation.w
      value: 1
      objectReference: {fileID: 0}
    - target: {fileID: -4216859302048453862, guid: e8ee8ca5d352925448c5ee8a7017c62d,
        type: 3}
      propertyPath: m_RootOrder
      value: 3
      objectReference: {fileID: 0}
    - target: {fileID: -4216859302048453862, guid: e8ee8ca5d352925448c5ee8a7017c62d,
        type: 3}
      propertyPath: m_LocalEulerAnglesHint.x
      value: 0
      objectReference: {fileID: 0}
    - target: {fileID: -4216859302048453862, guid: e8ee8ca5d352925448c5ee8a7017c62d,
        type: 3}
      propertyPath: m_LocalEulerAnglesHint.y
      value: 0
      objectReference: {fileID: 0}
    - target: {fileID: -4216859302048453862, guid: e8ee8ca5d352925448c5ee8a7017c62d,
        type: 3}
      propertyPath: m_LocalEulerAnglesHint.z
      value: 0
      objectReference: {fileID: 0}
    - target: {fileID: -1504981713932161579, guid: e8ee8ca5d352925448c5ee8a7017c62d,
        type: 3}
      propertyPath: m_Materials.Array.data[0]
      value: 
      objectReference: {fileID: 2100000, guid: 6d1bcdc3b5bc6bb439b8f307bd1be846, type: 2}
    - target: {fileID: -927199367670048503, guid: e8ee8ca5d352925448c5ee8a7017c62d,
        type: 3}
      propertyPath: m_Name
      value: DeerPoop
      objectReference: {fileID: 0}
    m_RemovedComponents: []
  m_SourcePrefab: {fileID: 100100000, guid: e8ee8ca5d352925448c5ee8a7017c62d, type: 3}
--- !u!4 &3869873670682121731 stripped
Transform:
  m_CorrespondingSourceObject: {fileID: -4216859302048453862, guid: e8ee8ca5d352925448c5ee8a7017c62d,
    type: 3}
  m_PrefabInstance: {fileID: 8128497423732227353}
  m_PrefabAsset: {fileID: 0}
--- !u!1001 &8128497424082075099
PrefabInstance:
  m_ObjectHideFlags: 0
  serializedVersion: 2
  m_Modification:
    m_TransformParent: {fileID: 8128497424187053906}
    m_Modifications:
    - target: {fileID: -4216859302048453862, guid: a8f5084d6f77d57408354ccd814114a2,
        type: 3}
      propertyPath: m_LocalPosition.x
      value: 36.13
      objectReference: {fileID: 0}
    - target: {fileID: -4216859302048453862, guid: a8f5084d6f77d57408354ccd814114a2,
        type: 3}
      propertyPath: m_LocalPosition.y
      value: 1.35
      objectReference: {fileID: 0}
    - target: {fileID: -4216859302048453862, guid: a8f5084d6f77d57408354ccd814114a2,
        type: 3}
      propertyPath: m_LocalPosition.z
      value: 104.69
      objectReference: {fileID: 0}
    - target: {fileID: -4216859302048453862, guid: a8f5084d6f77d57408354ccd814114a2,
        type: 3}
      propertyPath: m_LocalRotation.x
      value: -0.58170795
      objectReference: {fileID: 0}
    - target: {fileID: -4216859302048453862, guid: a8f5084d6f77d57408354ccd814114a2,
        type: 3}
      propertyPath: m_LocalRotation.y
      value: -0.073029846
      objectReference: {fileID: 0}
    - target: {fileID: -4216859302048453862, guid: a8f5084d6f77d57408354ccd814114a2,
        type: 3}
      propertyPath: m_LocalRotation.z
      value: -0.8101125
      objectReference: {fileID: 0}
    - target: {fileID: -4216859302048453862, guid: a8f5084d6f77d57408354ccd814114a2,
        type: 3}
      propertyPath: m_LocalRotation.w
      value: 0.0005740033
      objectReference: {fileID: 0}
    - target: {fileID: -4216859302048453862, guid: a8f5084d6f77d57408354ccd814114a2,
        type: 3}
      propertyPath: m_RootOrder
      value: 7
      objectReference: {fileID: 0}
    - target: {fileID: -4216859302048453862, guid: a8f5084d6f77d57408354ccd814114a2,
        type: 3}
      propertyPath: m_LocalEulerAnglesHint.x
      value: -173.166
      objectReference: {fileID: 0}
    - target: {fileID: -4216859302048453862, guid: a8f5084d6f77d57408354ccd814114a2,
        type: 3}
      propertyPath: m_LocalEulerAnglesHint.y
      value: -108.349
      objectReference: {fileID: 0}
    - target: {fileID: -4216859302048453862, guid: a8f5084d6f77d57408354ccd814114a2,
        type: 3}
      propertyPath: m_LocalEulerAnglesHint.z
      value: -4.8549805
      objectReference: {fileID: 0}
    - target: {fileID: -1504981713932161579, guid: a8f5084d6f77d57408354ccd814114a2,
        type: 3}
      propertyPath: m_Materials.Array.data[0]
      value: 
      objectReference: {fileID: 2100000, guid: 8eb124e5ff7fe3e4987e927bd91d31bf, type: 2}
    - target: {fileID: -927199367670048503, guid: a8f5084d6f77d57408354ccd814114a2,
        type: 3}
      propertyPath: m_Name
      value: salt
      objectReference: {fileID: 0}
    m_RemovedComponents: []
  m_SourcePrefab: {fileID: 100100000, guid: a8f5084d6f77d57408354ccd814114a2, type: 3}
--- !u!4 &3869873671066572481 stripped
Transform:
  m_CorrespondingSourceObject: {fileID: -4216859302048453862, guid: a8f5084d6f77d57408354ccd814114a2,
    type: 3}
  m_PrefabInstance: {fileID: 8128497424082075099}
  m_PrefabAsset: {fileID: 0}
--- !u!1001 &8128497424132622258
PrefabInstance:
  m_ObjectHideFlags: 0
  serializedVersion: 2
  m_Modification:
    m_TransformParent: {fileID: 8128497424187053906}
    m_Modifications:
    - target: {fileID: -4216859302048453862, guid: 622e54c1074b68647b16fdeeaa3a5a90,
        type: 3}
      propertyPath: m_LocalPosition.x
      value: 30.9
      objectReference: {fileID: 0}
    - target: {fileID: -4216859302048453862, guid: 622e54c1074b68647b16fdeeaa3a5a90,
        type: 3}
      propertyPath: m_LocalPosition.y
      value: 1.3
      objectReference: {fileID: 0}
    - target: {fileID: -4216859302048453862, guid: 622e54c1074b68647b16fdeeaa3a5a90,
        type: 3}
      propertyPath: m_LocalPosition.z
      value: 106.5
      objectReference: {fileID: 0}
    - target: {fileID: -4216859302048453862, guid: 622e54c1074b68647b16fdeeaa3a5a90,
        type: 3}
      propertyPath: m_LocalRotation.x
      value: 0
      objectReference: {fileID: 0}
    - target: {fileID: -4216859302048453862, guid: 622e54c1074b68647b16fdeeaa3a5a90,
        type: 3}
      propertyPath: m_LocalRotation.y
      value: -0
      objectReference: {fileID: 0}
    - target: {fileID: -4216859302048453862, guid: 622e54c1074b68647b16fdeeaa3a5a90,
        type: 3}
      propertyPath: m_LocalRotation.z
      value: -0
      objectReference: {fileID: 0}
    - target: {fileID: -4216859302048453862, guid: 622e54c1074b68647b16fdeeaa3a5a90,
        type: 3}
      propertyPath: m_LocalRotation.w
      value: 1
      objectReference: {fileID: 0}
    - target: {fileID: -4216859302048453862, guid: 622e54c1074b68647b16fdeeaa3a5a90,
        type: 3}
      propertyPath: m_RootOrder
      value: 5
      objectReference: {fileID: 0}
    - target: {fileID: -4216859302048453862, guid: 622e54c1074b68647b16fdeeaa3a5a90,
        type: 3}
      propertyPath: m_LocalEulerAnglesHint.x
      value: 0
      objectReference: {fileID: 0}
    - target: {fileID: -4216859302048453862, guid: 622e54c1074b68647b16fdeeaa3a5a90,
        type: 3}
      propertyPath: m_LocalEulerAnglesHint.y
      value: 0
      objectReference: {fileID: 0}
    - target: {fileID: -4216859302048453862, guid: 622e54c1074b68647b16fdeeaa3a5a90,
        type: 3}
      propertyPath: m_LocalEulerAnglesHint.z
      value: 0
      objectReference: {fileID: 0}
    - target: {fileID: -1504981713932161579, guid: 622e54c1074b68647b16fdeeaa3a5a90,
        type: 3}
      propertyPath: m_Materials.Array.data[0]
      value: 
      objectReference: {fileID: 2100000, guid: bc6170e95703b9f4bacedadd60636e81, type: 2}
    - target: {fileID: -927199367670048503, guid: 622e54c1074b68647b16fdeeaa3a5a90,
        type: 3}
      propertyPath: m_Name
      value: Rock
      objectReference: {fileID: 0}
    m_RemovedComponents: []
  m_SourcePrefab: {fileID: 100100000, guid: 622e54c1074b68647b16fdeeaa3a5a90, type: 3}
--- !u!4 &3869873671082601640 stripped
Transform:
  m_CorrespondingSourceObject: {fileID: -4216859302048453862, guid: 622e54c1074b68647b16fdeeaa3a5a90,
    type: 3}
  m_PrefabInstance: {fileID: 8128497424132622258}
  m_PrefabAsset: {fileID: 0}
--- !u!1001 &8128497424252582158
PrefabInstance:
  m_ObjectHideFlags: 0
  serializedVersion: 2
  m_Modification:
    m_TransformParent: {fileID: 8128497424187053906}
    m_Modifications:
    - target: {fileID: -4216859302048453862, guid: 80226252f08901945af75cfda6f5b139,
        type: 3}
      propertyPath: m_LocalPosition.x
      value: 33.02
      objectReference: {fileID: 0}
    - target: {fileID: -4216859302048453862, guid: 80226252f08901945af75cfda6f5b139,
        type: 3}
      propertyPath: m_LocalPosition.y
      value: 1.135
      objectReference: {fileID: 0}
    - target: {fileID: -4216859302048453862, guid: 80226252f08901945af75cfda6f5b139,
        type: 3}
      propertyPath: m_LocalPosition.z
      value: 105.55
      objectReference: {fileID: 0}
    - target: {fileID: -4216859302048453862, guid: 80226252f08901945af75cfda6f5b139,
        type: 3}
      propertyPath: m_LocalRotation.x
      value: 0.08183149
      objectReference: {fileID: 0}
    - target: {fileID: -4216859302048453862, guid: 80226252f08901945af75cfda6f5b139,
        type: 3}
      propertyPath: m_LocalRotation.y
      value: 0.7023557
      objectReference: {fileID: 0}
    - target: {fileID: -4216859302048453862, guid: 80226252f08901945af75cfda6f5b139,
        type: 3}
      propertyPath: m_LocalRotation.z
      value: -0.70235586
      objectReference: {fileID: 0}
    - target: {fileID: -4216859302048453862, guid: 80226252f08901945af75cfda6f5b139,
        type: 3}
      propertyPath: m_LocalRotation.w
      value: -0.08183149
      objectReference: {fileID: 0}
    - target: {fileID: -4216859302048453862, guid: 80226252f08901945af75cfda6f5b139,
        type: 3}
      propertyPath: m_RootOrder
      value: 4
      objectReference: {fileID: 0}
    - target: {fileID: -4216859302048453862, guid: 80226252f08901945af75cfda6f5b139,
        type: 3}
      propertyPath: m_LocalEulerAnglesHint.x
      value: -283.291
      objectReference: {fileID: 0}
    - target: {fileID: -4216859302048453862, guid: 80226252f08901945af75cfda6f5b139,
        type: 3}
      propertyPath: m_LocalEulerAnglesHint.y
      value: -90.00001
      objectReference: {fileID: 0}
    - target: {fileID: -4216859302048453862, guid: 80226252f08901945af75cfda6f5b139,
        type: 3}
      propertyPath: m_LocalEulerAnglesHint.z
      value: 90.00001
      objectReference: {fileID: 0}
    - target: {fileID: -4216859302048453862, guid: 80226252f08901945af75cfda6f5b139,
        type: 3}
      propertyPath: m_LocalScale.x
      value: 1
      objectReference: {fileID: 0}
    - target: {fileID: -4216859302048453862, guid: 80226252f08901945af75cfda6f5b139,
        type: 3}
      propertyPath: m_LocalScale.y
      value: 1
      objectReference: {fileID: 0}
    - target: {fileID: -4216859302048453862, guid: 80226252f08901945af75cfda6f5b139,
        type: 3}
      propertyPath: m_LocalScale.z
      value: 1
      objectReference: {fileID: 0}
    - target: {fileID: -1504981713932161579, guid: 80226252f08901945af75cfda6f5b139,
        type: 3}
      propertyPath: m_Materials.Array.data[0]
      value: 
      objectReference: {fileID: 2100000, guid: 8b17e032a1b519c40bcb962ce0792364, type: 2}
    - target: {fileID: -927199367670048503, guid: 80226252f08901945af75cfda6f5b139,
        type: 3}
      propertyPath: m_Name
      value: Flute
      objectReference: {fileID: 0}
    m_RemovedComponents: []
  m_SourcePrefab: {fileID: 100100000, guid: 80226252f08901945af75cfda6f5b139, type: 3}
--- !u!4 &3869873671239176724 stripped
Transform:
  m_CorrespondingSourceObject: {fileID: -4216859302048453862, guid: 80226252f08901945af75cfda6f5b139,
    type: 3}
  m_PrefabInstance: {fileID: 8128497424252582158}
  m_PrefabAsset: {fileID: 0}
--- !u!1001 &8128497424300637072
PrefabInstance:
  m_ObjectHideFlags: 0
  serializedVersion: 2
  m_Modification:
    m_TransformParent: {fileID: 8128497424187053906}
    m_Modifications:
    - target: {fileID: -4216859302048453862, guid: 83f62fad08df05f47b0bb16b78af8324,
        type: 3}
      propertyPath: m_LocalPosition.x
      value: 39.03
      objectReference: {fileID: 0}
    - target: {fileID: -4216859302048453862, guid: 83f62fad08df05f47b0bb16b78af8324,
        type: 3}
      propertyPath: m_LocalPosition.y
      value: 0.761
      objectReference: {fileID: 0}
    - target: {fileID: -4216859302048453862, guid: 83f62fad08df05f47b0bb16b78af8324,
        type: 3}
      propertyPath: m_LocalPosition.z
      value: 106.24
      objectReference: {fileID: 0}
    - target: {fileID: -4216859302048453862, guid: 83f62fad08df05f47b0bb16b78af8324,
        type: 3}
      propertyPath: m_LocalRotation.x
      value: 0
      objectReference: {fileID: 0}
    - target: {fileID: -4216859302048453862, guid: 83f62fad08df05f47b0bb16b78af8324,
        type: 3}
      propertyPath: m_LocalRotation.y
      value: -0
      objectReference: {fileID: 0}
    - target: {fileID: -4216859302048453862, guid: 83f62fad08df05f47b0bb16b78af8324,
        type: 3}
      propertyPath: m_LocalRotation.z
      value: -0
      objectReference: {fileID: 0}
    - target: {fileID: -4216859302048453862, guid: 83f62fad08df05f47b0bb16b78af8324,
        type: 3}
      propertyPath: m_LocalRotation.w
      value: 1
      objectReference: {fileID: 0}
    - target: {fileID: -4216859302048453862, guid: 83f62fad08df05f47b0bb16b78af8324,
        type: 3}
      propertyPath: m_RootOrder
      value: 0
      objectReference: {fileID: 0}
    - target: {fileID: -4216859302048453862, guid: 83f62fad08df05f47b0bb16b78af8324,
        type: 3}
      propertyPath: m_LocalEulerAnglesHint.x
      value: 0
      objectReference: {fileID: 0}
    - target: {fileID: -4216859302048453862, guid: 83f62fad08df05f47b0bb16b78af8324,
        type: 3}
      propertyPath: m_LocalEulerAnglesHint.y
      value: 0
      objectReference: {fileID: 0}
    - target: {fileID: -4216859302048453862, guid: 83f62fad08df05f47b0bb16b78af8324,
        type: 3}
      propertyPath: m_LocalEulerAnglesHint.z
      value: 0
      objectReference: {fileID: 0}
    - target: {fileID: -1504981713932161579, guid: 83f62fad08df05f47b0bb16b78af8324,
        type: 3}
      propertyPath: m_Materials.Array.data[0]
      value: 
      objectReference: {fileID: 2100000, guid: bd3b1c5375cf7d44aa761d4370b7aed0, type: 2}
    - target: {fileID: -927199367670048503, guid: 83f62fad08df05f47b0bb16b78af8324,
        type: 3}
      propertyPath: m_Name
      value: Beer Mug
      objectReference: {fileID: 0}
    m_RemovedComponents: []
  m_SourcePrefab: {fileID: 100100000, guid: 83f62fad08df05f47b0bb16b78af8324, type: 3}
--- !u!4 &3869873671250399370 stripped
Transform:
  m_CorrespondingSourceObject: {fileID: -4216859302048453862, guid: 83f62fad08df05f47b0bb16b78af8324,
    type: 3}
  m_PrefabInstance: {fileID: 8128497424300637072}
  m_PrefabAsset: {fileID: 0}
--- !u!1001 &8128497424460182917
PrefabInstance:
  m_ObjectHideFlags: 0
  serializedVersion: 2
  m_Modification:
    m_TransformParent: {fileID: 8128497424187053906}
    m_Modifications:
    - target: {fileID: -4216859302048453862, guid: 6339e0d280864b449ae9fe745cea3c46,
        type: 3}
      propertyPath: m_LocalPosition.x
      value: 41.199
      objectReference: {fileID: 0}
    - target: {fileID: -4216859302048453862, guid: 6339e0d280864b449ae9fe745cea3c46,
        type: 3}
      propertyPath: m_LocalPosition.y
      value: 1.21
      objectReference: {fileID: 0}
    - target: {fileID: -4216859302048453862, guid: 6339e0d280864b449ae9fe745cea3c46,
        type: 3}
      propertyPath: m_LocalPosition.z
      value: 106.371
      objectReference: {fileID: 0}
    - target: {fileID: -4216859302048453862, guid: 6339e0d280864b449ae9fe745cea3c46,
        type: 3}
      propertyPath: m_LocalRotation.x
      value: 0
      objectReference: {fileID: 0}
    - target: {fileID: -4216859302048453862, guid: 6339e0d280864b449ae9fe745cea3c46,
        type: 3}
      propertyPath: m_LocalRotation.y
      value: -0
      objectReference: {fileID: 0}
    - target: {fileID: -4216859302048453862, guid: 6339e0d280864b449ae9fe745cea3c46,
        type: 3}
      propertyPath: m_LocalRotation.z
      value: -0
      objectReference: {fileID: 0}
    - target: {fileID: -4216859302048453862, guid: 6339e0d280864b449ae9fe745cea3c46,
        type: 3}
      propertyPath: m_LocalRotation.w
      value: 1
      objectReference: {fileID: 0}
    - target: {fileID: -4216859302048453862, guid: 6339e0d280864b449ae9fe745cea3c46,
        type: 3}
      propertyPath: m_RootOrder
      value: 6
      objectReference: {fileID: 0}
    - target: {fileID: -4216859302048453862, guid: 6339e0d280864b449ae9fe745cea3c46,
        type: 3}
      propertyPath: m_LocalEulerAnglesHint.x
      value: 0
      objectReference: {fileID: 0}
    - target: {fileID: -4216859302048453862, guid: 6339e0d280864b449ae9fe745cea3c46,
        type: 3}
      propertyPath: m_LocalEulerAnglesHint.y
      value: 0
      objectReference: {fileID: 0}
    - target: {fileID: -4216859302048453862, guid: 6339e0d280864b449ae9fe745cea3c46,
        type: 3}
      propertyPath: m_LocalEulerAnglesHint.z
      value: 0
      objectReference: {fileID: 0}
    - target: {fileID: -1504981713932161579, guid: 6339e0d280864b449ae9fe745cea3c46,
        type: 3}
      propertyPath: m_Materials.Array.data[0]
      value: 
      objectReference: {fileID: 2100000, guid: 1a2aebb6c9cdfb64480b8bc100fc7168, type: 2}
    - target: {fileID: -927199367670048503, guid: 6339e0d280864b449ae9fe745cea3c46,
        type: 3}
      propertyPath: m_Name
      value: Rose plant
      objectReference: {fileID: 0}
    m_RemovedComponents: []
  m_SourcePrefab: {fileID: 100100000, guid: 6339e0d280864b449ae9fe745cea3c46, type: 3}
--- !u!4 &3869873671430069919 stripped
Transform:
  m_CorrespondingSourceObject: {fileID: -4216859302048453862, guid: 6339e0d280864b449ae9fe745cea3c46,
    type: 3}
  m_PrefabInstance: {fileID: 8128497424460182917}
  m_PrefabAsset: {fileID: 0}
--- !u!1001 &8128497424603674453
PrefabInstance:
  m_ObjectHideFlags: 0
  serializedVersion: 2
  m_Modification:
    m_TransformParent: {fileID: 8128497424187053906}
    m_Modifications:
    - target: {fileID: -4216859302048453862, guid: 31eb41dc79322cc4a8c4d4b04bb52a01,
        type: 3}
      propertyPath: m_LocalPosition.x
      value: 36.396
      objectReference: {fileID: 0}
    - target: {fileID: -4216859302048453862, guid: 31eb41dc79322cc4a8c4d4b04bb52a01,
        type: 3}
      propertyPath: m_LocalPosition.y
      value: 0.709
      objectReference: {fileID: 0}
    - target: {fileID: -4216859302048453862, guid: 31eb41dc79322cc4a8c4d4b04bb52a01,
        type: 3}
      propertyPath: m_LocalPosition.z
      value: 105.885
      objectReference: {fileID: 0}
    - target: {fileID: -4216859302048453862, guid: 31eb41dc79322cc4a8c4d4b04bb52a01,
        type: 3}
      propertyPath: m_LocalRotation.x
      value: -0
      objectReference: {fileID: 0}
    - target: {fileID: -4216859302048453862, guid: 31eb41dc79322cc4a8c4d4b04bb52a01,
        type: 3}
      propertyPath: m_LocalRotation.y
      value: 0.9998338
      objectReference: {fileID: 0}
    - target: {fileID: -4216859302048453862, guid: 31eb41dc79322cc4a8c4d4b04bb52a01,
        type: 3}
      propertyPath: m_LocalRotation.z
      value: -0
      objectReference: {fileID: 0}
    - target: {fileID: -4216859302048453862, guid: 31eb41dc79322cc4a8c4d4b04bb52a01,
        type: 3}
      propertyPath: m_LocalRotation.w
      value: 0.018235063
      objectReference: {fileID: 0}
    - target: {fileID: -4216859302048453862, guid: 31eb41dc79322cc4a8c4d4b04bb52a01,
        type: 3}
      propertyPath: m_RootOrder
      value: 2
      objectReference: {fileID: 0}
    - target: {fileID: -4216859302048453862, guid: 31eb41dc79322cc4a8c4d4b04bb52a01,
        type: 3}
      propertyPath: m_LocalEulerAnglesHint.x
      value: 0
      objectReference: {fileID: 0}
    - target: {fileID: -4216859302048453862, guid: 31eb41dc79322cc4a8c4d4b04bb52a01,
        type: 3}
      propertyPath: m_LocalEulerAnglesHint.y
      value: 177.91
      objectReference: {fileID: 0}
    - target: {fileID: -4216859302048453862, guid: 31eb41dc79322cc4a8c4d4b04bb52a01,
        type: 3}
      propertyPath: m_LocalEulerAnglesHint.z
      value: 0
      objectReference: {fileID: 0}
    - target: {fileID: -1504981713932161579, guid: 31eb41dc79322cc4a8c4d4b04bb52a01,
        type: 3}
      propertyPath: m_Materials.Array.data[0]
      value: 
      objectReference: {fileID: 2100000, guid: c14a56e1e45282443affe98f32286a7f, type: 2}
    - target: {fileID: -927199367670048503, guid: 31eb41dc79322cc4a8c4d4b04bb52a01,
        type: 3}
      propertyPath: m_Name
      value: DeerHorn
      objectReference: {fileID: 0}
    m_RemovedComponents: []
  m_SourcePrefab: {fileID: 100100000, guid: 31eb41dc79322cc4a8c4d4b04bb52a01, type: 3}
--- !u!4 &3869873671555537999 stripped
Transform:
  m_CorrespondingSourceObject: {fileID: -4216859302048453862, guid: 31eb41dc79322cc4a8c4d4b04bb52a01,
    type: 3}
  m_PrefabInstance: {fileID: 8128497424603674453}
  m_PrefabAsset: {fileID: 0}
--- !u!1001 &8128497425234378306
PrefabInstance:
  m_ObjectHideFlags: 0
  serializedVersion: 2
  m_Modification:
    m_TransformParent: {fileID: 8128497424187053906}
    m_Modifications:
    - target: {fileID: -4216859302048453862, guid: dd4967bdcf4789044b39520b17de83ed,
        type: 3}
      propertyPath: m_LocalPosition.x
      value: 37.986
      objectReference: {fileID: 0}
    - target: {fileID: -4216859302048453862, guid: dd4967bdcf4789044b39520b17de83ed,
        type: 3}
      propertyPath: m_LocalPosition.y
      value: 0.917
      objectReference: {fileID: 0}
    - target: {fileID: -4216859302048453862, guid: dd4967bdcf4789044b39520b17de83ed,
        type: 3}
      propertyPath: m_LocalPosition.z
      value: 106.238
      objectReference: {fileID: 0}
    - target: {fileID: -4216859302048453862, guid: dd4967bdcf4789044b39520b17de83ed,
        type: 3}
      propertyPath: m_LocalRotation.x
      value: 0
      objectReference: {fileID: 0}
    - target: {fileID: -4216859302048453862, guid: dd4967bdcf4789044b39520b17de83ed,
        type: 3}
      propertyPath: m_LocalRotation.y
      value: -0
      objectReference: {fileID: 0}
    - target: {fileID: -4216859302048453862, guid: dd4967bdcf4789044b39520b17de83ed,
        type: 3}
      propertyPath: m_LocalRotation.z
      value: -0
      objectReference: {fileID: 0}
    - target: {fileID: -4216859302048453862, guid: dd4967bdcf4789044b39520b17de83ed,
        type: 3}
      propertyPath: m_LocalRotation.w
      value: 1
      objectReference: {fileID: 0}
    - target: {fileID: -4216859302048453862, guid: dd4967bdcf4789044b39520b17de83ed,
        type: 3}
      propertyPath: m_RootOrder
      value: 1
      objectReference: {fileID: 0}
    - target: {fileID: -4216859302048453862, guid: dd4967bdcf4789044b39520b17de83ed,
        type: 3}
      propertyPath: m_LocalEulerAnglesHint.x
      value: 0
      objectReference: {fileID: 0}
    - target: {fileID: -4216859302048453862, guid: dd4967bdcf4789044b39520b17de83ed,
        type: 3}
      propertyPath: m_LocalEulerAnglesHint.y
      value: 0
      objectReference: {fileID: 0}
    - target: {fileID: -4216859302048453862, guid: dd4967bdcf4789044b39520b17de83ed,
        type: 3}
      propertyPath: m_LocalEulerAnglesHint.z
      value: 0
      objectReference: {fileID: 0}
    - target: {fileID: -1504981713932161579, guid: dd4967bdcf4789044b39520b17de83ed,
        type: 3}
      propertyPath: m_Materials.Array.data[0]
      value: 
      objectReference: {fileID: 2100000, guid: 523254bf4372dc049a3d5820fceac56c, type: 2}
    - target: {fileID: -927199367670048503, guid: dd4967bdcf4789044b39520b17de83ed,
        type: 3}
      propertyPath: m_Name
      value: Blueberry
      objectReference: {fileID: 0}
    m_RemovedComponents: []
  m_SourcePrefab: {fileID: 100100000, guid: dd4967bdcf4789044b39520b17de83ed, type: 3}
--- !u!4 &3869873672204064088 stripped
Transform:
  m_CorrespondingSourceObject: {fileID: -4216859302048453862, guid: dd4967bdcf4789044b39520b17de83ed,
    type: 3}
  m_PrefabInstance: {fileID: 8128497425234378306}
  m_PrefabAsset: {fileID: 0}
