%YAML 1.1
%TAG !u! tag:unity3d.com,2011:
--- !u!1 &3085494253564270309
GameObject:
  m_ObjectHideFlags: 0
  m_CorrespondingSourceObject: {fileID: 0}
  m_PrefabInstance: {fileID: 0}
  m_PrefabAsset: {fileID: 0}
  serializedVersion: 6
  m_Component:
  - component: {fileID: 3085494253564270311}
  - component: {fileID: 3085494253564270308}
  m_Layer: 0
  m_Name: TriadTurnNew
  m_TagString: Untagged
  m_Icon: {fileID: 0}
  m_NavMeshLayer: 0
  m_StaticEditorFlags: 0
  m_IsActive: 1
--- !u!4 &3085494253564270311
Transform:
  m_ObjectHideFlags: 0
  m_CorrespondingSourceObject: {fileID: 0}
  m_PrefabInstance: {fileID: 0}
  m_PrefabAsset: {fileID: 0}
  m_GameObject: {fileID: 3085494253564270309}
  m_LocalRotation: {x: -0, y: -0, z: -0, w: 1}
  m_LocalPosition: {x: 0, y: 0, z: 15.2}
  m_LocalScale: {x: 1, y: 1, z: 1}
  m_Children:
  - {fileID: 4362824026245455017}
  - {fileID: 4362824025794674060}
  - {fileID: 4362824026683447885}
  m_Father: {fileID: 3085494255262260864}
  m_RootOrder: 0
  m_LocalEulerAnglesHint: {x: 0, y: 0, z: 0}
--- !u!114 &3085494253564270308
MonoBehaviour:
  m_ObjectHideFlags: 0
  m_CorrespondingSourceObject: {fileID: 0}
  m_PrefabInstance: {fileID: 0}
  m_PrefabAsset: {fileID: 0}
  m_GameObject: {fileID: 3085494253564270309}
  m_Enabled: 1
  m_EditorHideFlags: 0
  m_Script: {fileID: 11500000, guid: 8701f52215e4e304b9e1cd4495b97d60, type: 3}
  m_Name: 
  m_EditorClassIdentifier: 
  pathPointts: []
--- !u!1 &3085494254626897673
GameObject:
  m_ObjectHideFlags: 0
  m_CorrespondingSourceObject: {fileID: 0}
  m_PrefabInstance: {fileID: 0}
  m_PrefabAsset: {fileID: 0}
  serializedVersion: 6
  m_Component:
  - component: {fileID: 3085494254626897675}
  - component: {fileID: 3085494254626897672}
  m_Layer: 0
  m_Name: RoadUnitNew
  m_TagString: Untagged
  m_Icon: {fileID: 0}
  m_NavMeshLayer: 0
  m_StaticEditorFlags: 0
  m_IsActive: 1
--- !u!4 &3085494254626897675
Transform:
  m_ObjectHideFlags: 0
  m_CorrespondingSourceObject: {fileID: 0}
  m_PrefabInstance: {fileID: 0}
  m_PrefabAsset: {fileID: 0}
  m_GameObject: {fileID: 3085494254626897673}
  m_LocalRotation: {x: -0, y: -0, z: -0, w: 1}
  m_LocalPosition: {x: 1.8332827, y: 4.414936, z: 5.5521164}
  m_LocalScale: {x: 1, y: 1, z: 1}
  m_Children:
  - {fileID: 4362824025804668524}
  - {fileID: 4362824025789347654}
  - {fileID: 4362824026636786684}
  - {fileID: 4362824027133458776}
  m_Father: {fileID: 3085494255262260864}
  m_RootOrder: 1
  m_LocalEulerAnglesHint: {x: 0, y: 0, z: 0}
--- !u!114 &3085494254626897672
MonoBehaviour:
  m_ObjectHideFlags: 0
  m_CorrespondingSourceObject: {fileID: 0}
  m_PrefabInstance: {fileID: 0}
  m_PrefabAsset: {fileID: 0}
  m_GameObject: {fileID: 3085494254626897673}
  m_Enabled: 1
  m_EditorHideFlags: 0
  m_Script: {fileID: 11500000, guid: e53744f1e3381534f81babf30e3ca503, type: 3}
  m_Name: 
  m_EditorClassIdentifier: 
  pathPointsRoad:
  - {fileID: 4362824025804668525}
  - {fileID: 4362824025789347655}
  - {fileID: 4362824026636786685}
  - {fileID: 4362824027133458777}
--- !u!1 &3085494255262260865
GameObject:
  m_ObjectHideFlags: 0
  m_CorrespondingSourceObject: {fileID: 0}
  m_PrefabInstance: {fileID: 0}
  m_PrefabAsset: {fileID: 0}
  serializedVersion: 6
  m_Component:
  - component: {fileID: 3085494255262260864}
  m_Layer: 0
  m_Name: PathSetup
  m_TagString: Untagged
  m_Icon: {fileID: 0}
  m_NavMeshLayer: 0
  m_StaticEditorFlags: 0
  m_IsActive: 1
--- !u!4 &3085494255262260864
Transform:
  m_ObjectHideFlags: 0
  m_CorrespondingSourceObject: {fileID: 0}
  m_PrefabInstance: {fileID: 0}
  m_PrefabAsset: {fileID: 0}
  m_GameObject: {fileID: 3085494255262260865}
  m_LocalRotation: {x: 0, y: 0, z: 0, w: 1}
  m_LocalPosition: {x: 0, y: 0, z: 0}
  m_LocalScale: {x: 1, y: 1, z: 1}
  m_Children:
  - {fileID: 3085494253564270311}
  - {fileID: 3085494254626897675}
  m_Father: {fileID: 0}
  m_RootOrder: 0
  m_LocalEulerAnglesHint: {x: 0, y: 0, z: 0}
--- !u!1001 &3085494253745449176
PrefabInstance:
  m_ObjectHideFlags: 0
  serializedVersion: 2
  m_Modification:
    m_TransformParent: {fileID: 3085494253564270311}
    m_Modifications:
    - target: {fileID: 1610667965972739182, guid: d6a29ad846d5142429a50a17ef62efc1,
        type: 3}
      propertyPath: m_Name
      value: PathPointt (3)
      objectReference: {fileID: 0}
    - target: {fileID: 1610667965972739184, guid: d6a29ad846d5142429a50a17ef62efc1,
        type: 3}
      propertyPath: nextPathPoint
      value: 
      objectReference: {fileID: 4362824025794674061}
    - target: {fileID: 1610667965972739184, guid: d6a29ad846d5142429a50a17ef62efc1,
        type: 3}
      propertyPath: Steps
      value: 9
      objectReference: {fileID: 0}
    - target: {fileID: 1610667965972739184, guid: d6a29ad846d5142429a50a17ef62efc1,
        type: 3}
      propertyPath: PreviousPathPoint
      value: 
      objectReference: {fileID: 4362824026683447884}
    - target: {fileID: 1610667965972739185, guid: d6a29ad846d5142429a50a17ef62efc1,
        type: 3}
      propertyPath: m_LocalPosition.x
      value: 0
      objectReference: {fileID: 0}
    - target: {fileID: 1610667965972739185, guid: d6a29ad846d5142429a50a17ef62efc1,
        type: 3}
      propertyPath: m_LocalPosition.y
      value: 0
      objectReference: {fileID: 0}
    - target: {fileID: 1610667965972739185, guid: d6a29ad846d5142429a50a17ef62efc1,
        type: 3}
      propertyPath: m_LocalPosition.z
      value: -15.2
      objectReference: {fileID: 0}
    - target: {fileID: 1610667965972739185, guid: d6a29ad846d5142429a50a17ef62efc1,
        type: 3}
      propertyPath: m_LocalRotation.x
      value: -0
      objectReference: {fileID: 0}
    - target: {fileID: 1610667965972739185, guid: d6a29ad846d5142429a50a17ef62efc1,
        type: 3}
      propertyPath: m_LocalRotation.y
      value: -0
      objectReference: {fileID: 0}
    - target: {fileID: 1610667965972739185, guid: d6a29ad846d5142429a50a17ef62efc1,
        type: 3}
      propertyPath: m_LocalRotation.z
      value: -0
      objectReference: {fileID: 0}
    - target: {fileID: 1610667965972739185, guid: d6a29ad846d5142429a50a17ef62efc1,
        type: 3}
      propertyPath: m_LocalRotation.w
      value: 1
      objectReference: {fileID: 0}
    - target: {fileID: 1610667965972739185, guid: d6a29ad846d5142429a50a17ef62efc1,
        type: 3}
      propertyPath: m_RootOrder
      value: 0
      objectReference: {fileID: 0}
    - target: {fileID: 1610667965972739185, guid: d6a29ad846d5142429a50a17ef62efc1,
        type: 3}
      propertyPath: m_LocalEulerAnglesHint.x
      value: 0
      objectReference: {fileID: 0}
    - target: {fileID: 1610667965972739185, guid: d6a29ad846d5142429a50a17ef62efc1,
        type: 3}
      propertyPath: m_LocalEulerAnglesHint.y
      value: 0
      objectReference: {fileID: 0}
    - target: {fileID: 1610667965972739185, guid: d6a29ad846d5142429a50a17ef62efc1,
        type: 3}
      propertyPath: m_LocalEulerAnglesHint.z
      value: 0
      objectReference: {fileID: 0}
    - target: {fileID: 1610667966129348748, guid: d6a29ad846d5142429a50a17ef62efc1,
        type: 3}
      propertyPath: m_LocalPosition.x
      value: -4
      objectReference: {fileID: 0}
    - target: {fileID: 1610667966129348748, guid: d6a29ad846d5142429a50a17ef62efc1,
        type: 3}
      propertyPath: m_LocalPosition.z
      value: 4.08
      objectReference: {fileID: 0}
    - target: {fileID: 1610667966129348748, guid: d6a29ad846d5142429a50a17ef62efc1,
        type: 3}
      propertyPath: m_LocalPosition.y
      value: 0
      objectReference: {fileID: 0}
    - target: {fileID: 1610667966870594416, guid: d6a29ad846d5142429a50a17ef62efc1,
        type: 3}
      propertyPath: m_LocalPosition.x
      value: 3.93
      objectReference: {fileID: 0}
    - target: {fileID: 1610667966870594416, guid: d6a29ad846d5142429a50a17ef62efc1,
        type: 3}
      propertyPath: m_LocalPosition.z
      value: 4.1
      objectReference: {fileID: 0}
    m_RemovedComponents: []
  m_SourcePrefab: {fileID: 100100000, guid: d6a29ad846d5142429a50a17ef62efc1, type: 3}
--- !u!4 &4362824026245455017 stripped
Transform:
  m_CorrespondingSourceObject: {fileID: 1610667965972739185, guid: d6a29ad846d5142429a50a17ef62efc1,
    type: 3}
  m_PrefabInstance: {fileID: 3085494253745449176}
  m_PrefabAsset: {fileID: 0}
--- !u!114 &4362824026245455016 stripped
MonoBehaviour:
  m_CorrespondingSourceObject: {fileID: 1610667965972739184, guid: d6a29ad846d5142429a50a17ef62efc1,
    type: 3}
  m_PrefabInstance: {fileID: 3085494253745449176}
  m_PrefabAsset: {fileID: 0}
  m_GameObject: {fileID: 0}
  m_Enabled: 1
  m_EditorHideFlags: 0
  m_Script: {fileID: 11500000, guid: b01be7799d6e35948a1f52cb3be009d2, type: 3}
  m_Name: 
  m_EditorClassIdentifier: 
--- !u!1001 &3085494254035878711
PrefabInstance:
  m_ObjectHideFlags: 0
  serializedVersion: 2
  m_Modification:
    m_TransformParent: {fileID: 3085494254626897675}
    m_Modifications:
    - target: {fileID: 1610667965972739182, guid: d6a29ad846d5142429a50a17ef62efc1,
        type: 3}
      propertyPath: m_Name
      value: PathPointt (4)
      objectReference: {fileID: 0}
    - target: {fileID: 1610667965972739182, guid: d6a29ad846d5142429a50a17ef62efc1,
        type: 3}
      propertyPath: m_IsActive
      value: 1
      objectReference: {fileID: 0}
    - target: {fileID: 1610667965972739184, guid: d6a29ad846d5142429a50a17ef62efc1,
        type: 3}
      propertyPath: nextPathPoint
      value: 
      objectReference: {fileID: 0}
    - target: {fileID: 1610667965972739184, guid: d6a29ad846d5142429a50a17ef62efc1,
        type: 3}
      propertyPath: Steps
      value: 9
      objectReference: {fileID: 0}
    - target: {fileID: 1610667965972739184, guid: d6a29ad846d5142429a50a17ef62efc1,
        type: 3}
      propertyPath: PreviousPathPoint
      value: 
      objectReference: {fileID: 0}
    - target: {fileID: 1610667965972739185, guid: d6a29ad846d5142429a50a17ef62efc1,
        type: 3}
      propertyPath: m_LocalPosition.x
      value: -9.6
      objectReference: {fileID: 0}
    - target: {fileID: 1610667965972739185, guid: d6a29ad846d5142429a50a17ef62efc1,
        type: 3}
      propertyPath: m_LocalPosition.y
      value: -4.414936
      objectReference: {fileID: 0}
    - target: {fileID: 1610667965972739185, guid: d6a29ad846d5142429a50a17ef62efc1,
        type: 3}
      propertyPath: m_LocalPosition.z
      value: 16.6
      objectReference: {fileID: 0}
    - target: {fileID: 1610667965972739185, guid: d6a29ad846d5142429a50a17ef62efc1,
        type: 3}
      propertyPath: m_LocalRotation.x
      value: -0
      objectReference: {fileID: 0}
    - target: {fileID: 1610667965972739185, guid: d6a29ad846d5142429a50a17ef62efc1,
        type: 3}
      propertyPath: m_LocalRotation.y
      value: -0
      objectReference: {fileID: 0}
    - target: {fileID: 1610667965972739185, guid: d6a29ad846d5142429a50a17ef62efc1,
        type: 3}
      propertyPath: m_LocalRotation.z
      value: -0
      objectReference: {fileID: 0}
    - target: {fileID: 1610667965972739185, guid: d6a29ad846d5142429a50a17ef62efc1,
        type: 3}
      propertyPath: m_LocalRotation.w
      value: 1
      objectReference: {fileID: 0}
    - target: {fileID: 1610667965972739185, guid: d6a29ad846d5142429a50a17ef62efc1,
        type: 3}
      propertyPath: m_RootOrder
      value: 1
      objectReference: {fileID: 0}
    - target: {fileID: 1610667965972739185, guid: d6a29ad846d5142429a50a17ef62efc1,
        type: 3}
      propertyPath: m_LocalEulerAnglesHint.x
      value: 0
      objectReference: {fileID: 0}
    - target: {fileID: 1610667965972739185, guid: d6a29ad846d5142429a50a17ef62efc1,
        type: 3}
      propertyPath: m_LocalEulerAnglesHint.y
      value: 0
      objectReference: {fileID: 0}
    - target: {fileID: 1610667965972739185, guid: d6a29ad846d5142429a50a17ef62efc1,
        type: 3}
      propertyPath: m_LocalEulerAnglesHint.z
      value: 0
      objectReference: {fileID: 0}
    - target: {fileID: 1610667966129348748, guid: d6a29ad846d5142429a50a17ef62efc1,
        type: 3}
      propertyPath: m_LocalPosition.x
      value: -0.15
      objectReference: {fileID: 0}
    - target: {fileID: 1610667966129348748, guid: d6a29ad846d5142429a50a17ef62efc1,
        type: 3}
      propertyPath: m_LocalPosition.z
      value: 5.46
      objectReference: {fileID: 0}
    - target: {fileID: 1610667966129348748, guid: d6a29ad846d5142429a50a17ef62efc1,
        type: 3}
      propertyPath: m_LocalPosition.y
      value: 0
      objectReference: {fileID: 0}
    - target: {fileID: 1610667966870594416, guid: d6a29ad846d5142429a50a17ef62efc1,
        type: 3}
      propertyPath: m_LocalPosition.x
      value: -0.39
      objectReference: {fileID: 0}
    - target: {fileID: 1610667966870594416, guid: d6a29ad846d5142429a50a17ef62efc1,
        type: 3}
      propertyPath: m_LocalPosition.z
      value: -5.09
      objectReference: {fileID: 0}
    m_RemovedComponents: []
  m_SourcePrefab: {fileID: 100100000, guid: d6a29ad846d5142429a50a17ef62efc1, type: 3}
--- !u!4 &4362824025789347654 stripped
Transform:
  m_CorrespondingSourceObject: {fileID: 1610667965972739185, guid: d6a29ad846d5142429a50a17ef62efc1,
    type: 3}
  m_PrefabInstance: {fileID: 3085494254035878711}
  m_PrefabAsset: {fileID: 0}
--- !u!114 &4362824025789347655 stripped
MonoBehaviour:
  m_CorrespondingSourceObject: {fileID: 1610667965972739184, guid: d6a29ad846d5142429a50a17ef62efc1,
    type: 3}
  m_PrefabInstance: {fileID: 3085494254035878711}
  m_PrefabAsset: {fileID: 0}
  m_GameObject: {fileID: 0}
  m_Enabled: 1
  m_EditorHideFlags: 0
  m_Script: {fileID: 11500000, guid: b01be7799d6e35948a1f52cb3be009d2, type: 3}
  m_Name: 
  m_EditorClassIdentifier: 
--- !u!1001 &3085494254052018717
PrefabInstance:
  m_ObjectHideFlags: 0
  serializedVersion: 2
  m_Modification:
    m_TransformParent: {fileID: 3085494254626897675}
    m_Modifications:
    - target: {fileID: 1610667965972739182, guid: d6a29ad846d5142429a50a17ef62efc1,
        type: 3}
      propertyPath: m_Name
      value: PathPointt (3)
      objectReference: {fileID: 0}
    - target: {fileID: 1610667965972739182, guid: d6a29ad846d5142429a50a17ef62efc1,
        type: 3}
      propertyPath: m_IsActive
      value: 1
      objectReference: {fileID: 0}
    - target: {fileID: 1610667965972739184, guid: d6a29ad846d5142429a50a17ef62efc1,
        type: 3}
      propertyPath: nextPathPoint
      value: 
      objectReference: {fileID: 0}
    - target: {fileID: 1610667965972739184, guid: d6a29ad846d5142429a50a17ef62efc1,
        type: 3}
      propertyPath: Steps
      value: 9
      objectReference: {fileID: 0}
    - target: {fileID: 1610667965972739184, guid: d6a29ad846d5142429a50a17ef62efc1,
        type: 3}
      propertyPath: PreviousPathPoint
      value: 
      objectReference: {fileID: 0}
    - target: {fileID: 1610667965972739185, guid: d6a29ad846d5142429a50a17ef62efc1,
        type: 3}
      propertyPath: m_LocalPosition.x
      value: -1.8332827
      objectReference: {fileID: 0}
    - target: {fileID: 1610667965972739185, guid: d6a29ad846d5142429a50a17ef62efc1,
        type: 3}
      propertyPath: m_LocalPosition.y
      value: -4.414936
      objectReference: {fileID: 0}
    - target: {fileID: 1610667965972739185, guid: d6a29ad846d5142429a50a17ef62efc1,
        type: 3}
      propertyPath: m_LocalPosition.z
      value: -5.5521164
      objectReference: {fileID: 0}
    - target: {fileID: 1610667965972739185, guid: d6a29ad846d5142429a50a17ef62efc1,
        type: 3}
      propertyPath: m_LocalRotation.x
      value: -0
      objectReference: {fileID: 0}
    - target: {fileID: 1610667965972739185, guid: d6a29ad846d5142429a50a17ef62efc1,
        type: 3}
      propertyPath: m_LocalRotation.y
      value: -0
      objectReference: {fileID: 0}
    - target: {fileID: 1610667965972739185, guid: d6a29ad846d5142429a50a17ef62efc1,
        type: 3}
      propertyPath: m_LocalRotation.z
      value: -0
      objectReference: {fileID: 0}
    - target: {fileID: 1610667965972739185, guid: d6a29ad846d5142429a50a17ef62efc1,
        type: 3}
      propertyPath: m_LocalRotation.w
      value: 1
      objectReference: {fileID: 0}
    - target: {fileID: 1610667965972739185, guid: d6a29ad846d5142429a50a17ef62efc1,
        type: 3}
      propertyPath: m_RootOrder
      value: 0
      objectReference: {fileID: 0}
    - target: {fileID: 1610667965972739185, guid: d6a29ad846d5142429a50a17ef62efc1,
        type: 3}
      propertyPath: m_LocalEulerAnglesHint.x
      value: 0
      objectReference: {fileID: 0}
    - target: {fileID: 1610667965972739185, guid: d6a29ad846d5142429a50a17ef62efc1,
        type: 3}
      propertyPath: m_LocalEulerAnglesHint.y
      value: 0
      objectReference: {fileID: 0}
    - target: {fileID: 1610667965972739185, guid: d6a29ad846d5142429a50a17ef62efc1,
        type: 3}
      propertyPath: m_LocalEulerAnglesHint.z
      value: 0
      objectReference: {fileID: 0}
    - target: {fileID: 1610667966129348748, guid: d6a29ad846d5142429a50a17ef62efc1,
        type: 3}
      propertyPath: m_LocalPosition.x
      value: -0.15
      objectReference: {fileID: 0}
    - target: {fileID: 1610667966129348748, guid: d6a29ad846d5142429a50a17ef62efc1,
        type: 3}
      propertyPath: m_LocalPosition.z
      value: 5.46
      objectReference: {fileID: 0}
    - target: {fileID: 1610667966129348748, guid: d6a29ad846d5142429a50a17ef62efc1,
        type: 3}
      propertyPath: m_LocalPosition.y
      value: 0
      objectReference: {fileID: 0}
    - target: {fileID: 1610667966870594416, guid: d6a29ad846d5142429a50a17ef62efc1,
        type: 3}
      propertyPath: m_LocalPosition.x
      value: -0.39
      objectReference: {fileID: 0}
    - target: {fileID: 1610667966870594416, guid: d6a29ad846d5142429a50a17ef62efc1,
        type: 3}
      propertyPath: m_LocalPosition.z
      value: -5.09
      objectReference: {fileID: 0}
    m_RemovedComponents: []
  m_SourcePrefab: {fileID: 100100000, guid: d6a29ad846d5142429a50a17ef62efc1, type: 3}
--- !u!4 &4362824025804668524 stripped
Transform:
  m_CorrespondingSourceObject: {fileID: 1610667965972739185, guid: d6a29ad846d5142429a50a17ef62efc1,
    type: 3}
  m_PrefabInstance: {fileID: 3085494254052018717}
  m_PrefabAsset: {fileID: 0}
--- !u!114 &4362824025804668525 stripped
MonoBehaviour:
  m_CorrespondingSourceObject: {fileID: 1610667965972739184, guid: d6a29ad846d5142429a50a17ef62efc1,
    type: 3}
  m_PrefabInstance: {fileID: 3085494254052018717}
  m_PrefabAsset: {fileID: 0}
  m_GameObject: {fileID: 0}
  m_Enabled: 1
  m_EditorHideFlags: 0
  m_Script: {fileID: 11500000, guid: b01be7799d6e35948a1f52cb3be009d2, type: 3}
  m_Name: 
  m_EditorClassIdentifier: 
--- !u!1001 &3085494254062012925
PrefabInstance:
  m_ObjectHideFlags: 0
  serializedVersion: 2
  m_Modification:
    m_TransformParent: {fileID: 3085494253564270311}
    m_Modifications:
    - target: {fileID: 1610667965972739182, guid: d6a29ad846d5142429a50a17ef62efc1,
        type: 3}
      propertyPath: m_Name
      value: PathPointt (5)
      objectReference: {fileID: 0}
    - target: {fileID: 1610667965972739184, guid: d6a29ad846d5142429a50a17ef62efc1,
        type: 3}
      propertyPath: nextPathPoint
      value: 
      objectReference: {fileID: 4362824026683447884}
    - target: {fileID: 1610667965972739184, guid: d6a29ad846d5142429a50a17ef62efc1,
        type: 3}
      propertyPath: Steps
      value: 9
      objectReference: {fileID: 0}
    - target: {fileID: 1610667965972739184, guid: d6a29ad846d5142429a50a17ef62efc1,
        type: 3}
      propertyPath: PreviousPathPoint
      value: 
      objectReference: {fileID: 4362824026245455016}
    - target: {fileID: 1610667965972739185, guid: d6a29ad846d5142429a50a17ef62efc1,
        type: 3}
      propertyPath: m_LocalPosition.x
      value: -17.907047
      objectReference: {fileID: 0}
    - target: {fileID: 1610667965972739185, guid: d6a29ad846d5142429a50a17ef62efc1,
        type: 3}
      propertyPath: m_LocalPosition.y
      value: 0
      objectReference: {fileID: 0}
    - target: {fileID: 1610667965972739185, guid: d6a29ad846d5142429a50a17ef62efc1,
        type: 3}
      propertyPath: m_LocalPosition.z
      value: 5.419421
      objectReference: {fileID: 0}
    - target: {fileID: 1610667965972739185, guid: d6a29ad846d5142429a50a17ef62efc1,
        type: 3}
      propertyPath: m_LocalRotation.x
      value: -0
      objectReference: {fileID: 0}
    - target: {fileID: 1610667965972739185, guid: d6a29ad846d5142429a50a17ef62efc1,
        type: 3}
      propertyPath: m_LocalRotation.y
      value: -0
      objectReference: {fileID: 0}
    - target: {fileID: 1610667965972739185, guid: d6a29ad846d5142429a50a17ef62efc1,
        type: 3}
      propertyPath: m_LocalRotation.z
      value: -0
      objectReference: {fileID: 0}
    - target: {fileID: 1610667965972739185, guid: d6a29ad846d5142429a50a17ef62efc1,
        type: 3}
      propertyPath: m_LocalRotation.w
      value: 1
      objectReference: {fileID: 0}
    - target: {fileID: 1610667965972739185, guid: d6a29ad846d5142429a50a17ef62efc1,
        type: 3}
      propertyPath: m_RootOrder
      value: 1
      objectReference: {fileID: 0}
    - target: {fileID: 1610667965972739185, guid: d6a29ad846d5142429a50a17ef62efc1,
        type: 3}
      propertyPath: m_LocalEulerAnglesHint.x
      value: 0
      objectReference: {fileID: 0}
    - target: {fileID: 1610667965972739185, guid: d6a29ad846d5142429a50a17ef62efc1,
        type: 3}
      propertyPath: m_LocalEulerAnglesHint.y
      value: 0
      objectReference: {fileID: 0}
    - target: {fileID: 1610667965972739185, guid: d6a29ad846d5142429a50a17ef62efc1,
        type: 3}
      propertyPath: m_LocalEulerAnglesHint.z
      value: 0
      objectReference: {fileID: 0}
    - target: {fileID: 1610667966129348748, guid: d6a29ad846d5142429a50a17ef62efc1,
        type: 3}
      propertyPath: m_LocalPosition.x
      value: 10.05
      objectReference: {fileID: 0}
    - target: {fileID: 1610667966129348748, guid: d6a29ad846d5142429a50a17ef62efc1,
        type: 3}
      propertyPath: m_LocalPosition.z
      value: 2.83
      objectReference: {fileID: 0}
    - target: {fileID: 1610667966129348748, guid: d6a29ad846d5142429a50a17ef62efc1,
        type: 3}
      propertyPath: m_LocalPosition.y
      value: 0
      objectReference: {fileID: 0}
    - target: {fileID: 1610667966870594416, guid: d6a29ad846d5142429a50a17ef62efc1,
        type: 3}
      propertyPath: m_LocalPosition.x
      value: 5.8
      objectReference: {fileID: 0}
    - target: {fileID: 1610667966870594416, guid: d6a29ad846d5142429a50a17ef62efc1,
        type: 3}
      propertyPath: m_LocalPosition.z
      value: -6.2
      objectReference: {fileID: 0}
    m_RemovedComponents: []
  m_SourcePrefab: {fileID: 100100000, guid: d6a29ad846d5142429a50a17ef62efc1, type: 3}
--- !u!4 &4362824025794674060 stripped
Transform:
  m_CorrespondingSourceObject: {fileID: 1610667965972739185, guid: d6a29ad846d5142429a50a17ef62efc1,
    type: 3}
  m_PrefabInstance: {fileID: 3085494254062012925}
  m_PrefabAsset: {fileID: 0}
--- !u!114 &4362824025794674061 stripped
MonoBehaviour:
  m_CorrespondingSourceObject: {fileID: 1610667965972739184, guid: d6a29ad846d5142429a50a17ef62efc1,
    type: 3}
  m_PrefabInstance: {fileID: 3085494254062012925}
  m_PrefabAsset: {fileID: 0}
  m_GameObject: {fileID: 0}
  m_Enabled: 1
  m_EditorHideFlags: 0
  m_Script: {fileID: 11500000, guid: b01be7799d6e35948a1f52cb3be009d2, type: 3}
  m_Name: 
  m_EditorClassIdentifier: 
--- !u!1001 &3085494254839254313
PrefabInstance:
  m_ObjectHideFlags: 0
  serializedVersion: 2
  m_Modification:
    m_TransformParent: {fileID: 3085494254626897675}
    m_Modifications:
    - target: {fileID: 1610667965972739182, guid: d6a29ad846d5142429a50a17ef62efc1,
        type: 3}
      propertyPath: m_Name
      value: PathPointt (6)
      objectReference: {fileID: 0}
    - target: {fileID: 1610667965972739182, guid: d6a29ad846d5142429a50a17ef62efc1,
        type: 3}
      propertyPath: m_IsActive
      value: 1
      objectReference: {fileID: 0}
    - target: {fileID: 1610667965972739184, guid: d6a29ad846d5142429a50a17ef62efc1,
        type: 3}
      propertyPath: nextPathPoint
      value: 
      objectReference: {fileID: 0}
    - target: {fileID: 1610667965972739184, guid: d6a29ad846d5142429a50a17ef62efc1,
        type: 3}
      propertyPath: Steps
      value: 9
      objectReference: {fileID: 0}
    - target: {fileID: 1610667965972739184, guid: d6a29ad846d5142429a50a17ef62efc1,
        type: 3}
      propertyPath: PreviousPathPoint
      value: 
      objectReference: {fileID: 0}
    - target: {fileID: 1610667965972739185, guid: d6a29ad846d5142429a50a17ef62efc1,
        type: 3}
      propertyPath: m_LocalPosition.x
      value: -3.1
      objectReference: {fileID: 0}
    - target: {fileID: 1610667965972739185, guid: d6a29ad846d5142429a50a17ef62efc1,
        type: 3}
      propertyPath: m_LocalPosition.y
      value: -4.414936
      objectReference: {fileID: 0}
    - target: {fileID: 1610667965972739185, guid: d6a29ad846d5142429a50a17ef62efc1,
        type: 3}
      propertyPath: m_LocalPosition.z
      value: 63.6
      objectReference: {fileID: 0}
    - target: {fileID: 1610667965972739185, guid: d6a29ad846d5142429a50a17ef62efc1,
        type: 3}
      propertyPath: m_LocalRotation.x
      value: -0
      objectReference: {fileID: 0}
    - target: {fileID: 1610667965972739185, guid: d6a29ad846d5142429a50a17ef62efc1,
        type: 3}
      propertyPath: m_LocalRotation.y
      value: -0
      objectReference: {fileID: 0}
    - target: {fileID: 1610667965972739185, guid: d6a29ad846d5142429a50a17ef62efc1,
        type: 3}
      propertyPath: m_LocalRotation.z
      value: -0
      objectReference: {fileID: 0}
    - target: {fileID: 1610667965972739185, guid: d6a29ad846d5142429a50a17ef62efc1,
        type: 3}
      propertyPath: m_LocalRotation.w
      value: 1
      objectReference: {fileID: 0}
    - target: {fileID: 1610667965972739185, guid: d6a29ad846d5142429a50a17ef62efc1,
        type: 3}
      propertyPath: m_RootOrder
      value: 3
      objectReference: {fileID: 0}
    - target: {fileID: 1610667965972739185, guid: d6a29ad846d5142429a50a17ef62efc1,
        type: 3}
      propertyPath: m_LocalEulerAnglesHint.x
      value: 0
      objectReference: {fileID: 0}
    - target: {fileID: 1610667965972739185, guid: d6a29ad846d5142429a50a17ef62efc1,
        type: 3}
      propertyPath: m_LocalEulerAnglesHint.y
      value: 0
      objectReference: {fileID: 0}
    - target: {fileID: 1610667965972739185, guid: d6a29ad846d5142429a50a17ef62efc1,
        type: 3}
      propertyPath: m_LocalEulerAnglesHint.z
      value: 0
      objectReference: {fileID: 0}
    - target: {fileID: 1610667966129348748, guid: d6a29ad846d5142429a50a17ef62efc1,
        type: 3}
      propertyPath: m_LocalPosition.x
      value: -0.15
      objectReference: {fileID: 0}
    - target: {fileID: 1610667966129348748, guid: d6a29ad846d5142429a50a17ef62efc1,
        type: 3}
      propertyPath: m_LocalPosition.z
      value: 5.46
      objectReference: {fileID: 0}
    - target: {fileID: 1610667966129348748, guid: d6a29ad846d5142429a50a17ef62efc1,
        type: 3}
      propertyPath: m_LocalPosition.y
      value: 0
      objectReference: {fileID: 0}
    - target: {fileID: 1610667966870594416, guid: d6a29ad846d5142429a50a17ef62efc1,
        type: 3}
      propertyPath: m_LocalPosition.x
      value: -0.39
      objectReference: {fileID: 0}
    - target: {fileID: 1610667966870594416, guid: d6a29ad846d5142429a50a17ef62efc1,
        type: 3}
      propertyPath: m_LocalPosition.z
      value: -5.09
      objectReference: {fileID: 0}
    m_RemovedComponents: []
  m_SourcePrefab: {fileID: 100100000, guid: d6a29ad846d5142429a50a17ef62efc1, type: 3}
--- !u!4 &4362824027133458776 stripped
Transform:
  m_CorrespondingSourceObject: {fileID: 1610667965972739185, guid: d6a29ad846d5142429a50a17ef62efc1,
    type: 3}
  m_PrefabInstance: {fileID: 3085494254839254313}
  m_PrefabAsset: {fileID: 0}
--- !u!114 &4362824027133458777 stripped
MonoBehaviour:
  m_CorrespondingSourceObject: {fileID: 1610667965972739184, guid: d6a29ad846d5142429a50a17ef62efc1,
    type: 3}
  m_PrefabInstance: {fileID: 3085494254839254313}
  m_PrefabAsset: {fileID: 0}
  m_GameObject: {fileID: 0}
  m_Enabled: 1
  m_EditorHideFlags: 0
  m_Script: {fileID: 11500000, guid: b01be7799d6e35948a1f52cb3be009d2, type: 3}
  m_Name: 
  m_EditorClassIdentifier: 
--- !u!1001 &3085494255287168572
PrefabInstance:
  m_ObjectHideFlags: 0
  serializedVersion: 2
  m_Modification:
    m_TransformParent: {fileID: 3085494253564270311}
    m_Modifications:
    - target: {fileID: 1610667965972739182, guid: d6a29ad846d5142429a50a17ef62efc1,
        type: 3}
      propertyPath: m_Name
      value: PathPointt (4)
      objectReference: {fileID: 0}
    - target: {fileID: 1610667965972739184, guid: d6a29ad846d5142429a50a17ef62efc1,
        type: 3}
      propertyPath: nextPathPoint
      value: 
      objectReference: {fileID: 4362824026245455016}
    - target: {fileID: 1610667965972739184, guid: d6a29ad846d5142429a50a17ef62efc1,
        type: 3}
      propertyPath: Steps
      value: 9
      objectReference: {fileID: 0}
    - target: {fileID: 1610667965972739184, guid: d6a29ad846d5142429a50a17ef62efc1,
        type: 3}
      propertyPath: PreviousPathPoint
      value: 
      objectReference: {fileID: 4362824025794674061}
    - target: {fileID: 1610667965972739185, guid: d6a29ad846d5142429a50a17ef62efc1,
        type: 3}
      propertyPath: m_LocalPosition.x
      value: 14.392952
      objectReference: {fileID: 0}
    - target: {fileID: 1610667965972739185, guid: d6a29ad846d5142429a50a17ef62efc1,
        type: 3}
      propertyPath: m_LocalPosition.y
      value: 0
      objectReference: {fileID: 0}
    - target: {fileID: 1610667965972739185, guid: d6a29ad846d5142429a50a17ef62efc1,
        type: 3}
      propertyPath: m_LocalPosition.z
      value: 5.419421
      objectReference: {fileID: 0}
    - target: {fileID: 1610667965972739185, guid: d6a29ad846d5142429a50a17ef62efc1,
        type: 3}
      propertyPath: m_LocalRotation.x
      value: -0
      objectReference: {fileID: 0}
    - target: {fileID: 1610667965972739185, guid: d6a29ad846d5142429a50a17ef62efc1,
        type: 3}
      propertyPath: m_LocalRotation.y
      value: -0
      objectReference: {fileID: 0}
    - target: {fileID: 1610667965972739185, guid: d6a29ad846d5142429a50a17ef62efc1,
        type: 3}
      propertyPath: m_LocalRotation.z
      value: -0
      objectReference: {fileID: 0}
    - target: {fileID: 1610667965972739185, guid: d6a29ad846d5142429a50a17ef62efc1,
        type: 3}
      propertyPath: m_LocalRotation.w
      value: 1
      objectReference: {fileID: 0}
    - target: {fileID: 1610667965972739185, guid: d6a29ad846d5142429a50a17ef62efc1,
        type: 3}
      propertyPath: m_RootOrder
      value: 2
      objectReference: {fileID: 0}
    - target: {fileID: 1610667965972739185, guid: d6a29ad846d5142429a50a17ef62efc1,
        type: 3}
      propertyPath: m_LocalEulerAnglesHint.x
      value: 0
      objectReference: {fileID: 0}
    - target: {fileID: 1610667965972739185, guid: d6a29ad846d5142429a50a17ef62efc1,
        type: 3}
      propertyPath: m_LocalEulerAnglesHint.y
      value: 0
      objectReference: {fileID: 0}
    - target: {fileID: 1610667965972739185, guid: d6a29ad846d5142429a50a17ef62efc1,
        type: 3}
      propertyPath: m_LocalEulerAnglesHint.z
      value: 0
      objectReference: {fileID: 0}
    - target: {fileID: 1610667966129348748, guid: d6a29ad846d5142429a50a17ef62efc1,
        type: 3}
      propertyPath: m_LocalPosition.x
      value: -4.31
      objectReference: {fileID: 0}
    - target: {fileID: 1610667966129348748, guid: d6a29ad846d5142429a50a17ef62efc1,
        type: 3}
      propertyPath: m_LocalPosition.z
      value: -7.03
      objectReference: {fileID: 0}
    - target: {fileID: 1610667966129348748, guid: d6a29ad846d5142429a50a17ef62efc1,
        type: 3}
      propertyPath: m_LocalPosition.y
      value: 0
      objectReference: {fileID: 0}
    - target: {fileID: 1610667966870594416, guid: d6a29ad846d5142429a50a17ef62efc1,
        type: 3}
      propertyPath: m_LocalPosition.x
      value: -8.18
      objectReference: {fileID: 0}
    - target: {fileID: 1610667966870594416, guid: d6a29ad846d5142429a50a17ef62efc1,
        type: 3}
      propertyPath: m_LocalPosition.z
      value: 2.08
      objectReference: {fileID: 0}
    m_RemovedComponents: []
  m_SourcePrefab: {fileID: 100100000, guid: d6a29ad846d5142429a50a17ef62efc1, type: 3}
--- !u!4 &4362824026683447885 stripped
Transform:
  m_CorrespondingSourceObject: {fileID: 1610667965972739185, guid: d6a29ad846d5142429a50a17ef62efc1,
    type: 3}
  m_PrefabInstance: {fileID: 3085494255287168572}
  m_PrefabAsset: {fileID: 0}
--- !u!114 &4362824026683447884 stripped
MonoBehaviour:
  m_CorrespondingSourceObject: {fileID: 1610667965972739184, guid: d6a29ad846d5142429a50a17ef62efc1,
    type: 3}
  m_PrefabInstance: {fileID: 3085494255287168572}
  m_PrefabAsset: {fileID: 0}
  m_GameObject: {fileID: 0}
  m_Enabled: 1
  m_EditorHideFlags: 0
  m_Script: {fileID: 11500000, guid: b01be7799d6e35948a1f52cb3be009d2, type: 3}
  m_Name: 
  m_EditorClassIdentifier: 
--- !u!1001 &3085494255504748429
PrefabInstance:
  m_ObjectHideFlags: 0
  serializedVersion: 2
  m_Modification:
    m_TransformParent: {fileID: 3085494254626897675}
    m_Modifications:
    - target: {fileID: 1610667965972739182, guid: d6a29ad846d5142429a50a17ef62efc1,
        type: 3}
      propertyPath: m_Name
      value: PathPointt (5)
      objectReference: {fileID: 0}
    - target: {fileID: 1610667965972739182, guid: d6a29ad846d5142429a50a17ef62efc1,
        type: 3}
      propertyPath: m_IsActive
      value: 1
      objectReference: {fileID: 0}
    - target: {fileID: 1610667965972739184, guid: d6a29ad846d5142429a50a17ef62efc1,
        type: 3}
      propertyPath: nextPathPoint
      value: 
      objectReference: {fileID: 0}
    - target: {fileID: 1610667965972739184, guid: d6a29ad846d5142429a50a17ef62efc1,
        type: 3}
      propertyPath: Steps
      value: 9
      objectReference: {fileID: 0}
    - target: {fileID: 1610667965972739184, guid: d6a29ad846d5142429a50a17ef62efc1,
        type: 3}
      propertyPath: PreviousPathPoint
      value: 
      objectReference: {fileID: 0}
    - target: {fileID: 1610667965972739185, guid: d6a29ad846d5142429a50a17ef62efc1,
        type: 3}
      propertyPath: m_LocalPosition.x
      value: 6.7
      objectReference: {fileID: 0}
    - target: {fileID: 1610667965972739185, guid: d6a29ad846d5142429a50a17ef62efc1,
        type: 3}
      propertyPath: m_LocalPosition.y
      value: -4.414936
      objectReference: {fileID: 0}
    - target: {fileID: 1610667965972739185, guid: d6a29ad846d5142429a50a17ef62efc1,
        type: 3}
      propertyPath: m_LocalPosition.z
      value: 39.5
      objectReference: {fileID: 0}
    - target: {fileID: 1610667965972739185, guid: d6a29ad846d5142429a50a17ef62efc1,
        type: 3}
      propertyPath: m_LocalRotation.x
      value: -0
      objectReference: {fileID: 0}
    - target: {fileID: 1610667965972739185, guid: d6a29ad846d5142429a50a17ef62efc1,
        type: 3}
      propertyPath: m_LocalRotation.y
      value: -0
      objectReference: {fileID: 0}
    - target: {fileID: 1610667965972739185, guid: d6a29ad846d5142429a50a17ef62efc1,
        type: 3}
      propertyPath: m_LocalRotation.z
      value: -0
      objectReference: {fileID: 0}
    - target: {fileID: 1610667965972739185, guid: d6a29ad846d5142429a50a17ef62efc1,
        type: 3}
      propertyPath: m_LocalRotation.w
      value: 1
      objectReference: {fileID: 0}
    - target: {fileID: 1610667965972739185, guid: d6a29ad846d5142429a50a17ef62efc1,
        type: 3}
      propertyPath: m_RootOrder
      value: 2
      objectReference: {fileID: 0}
    - target: {fileID: 1610667965972739185, guid: d6a29ad846d5142429a50a17ef62efc1,
        type: 3}
      propertyPath: m_LocalEulerAnglesHint.x
      value: 0
      objectReference: {fileID: 0}
    - target: {fileID: 1610667965972739185, guid: d6a29ad846d5142429a50a17ef62efc1,
        type: 3}
      propertyPath: m_LocalEulerAnglesHint.y
      value: 0
      objectReference: {fileID: 0}
    - target: {fileID: 1610667965972739185, guid: d6a29ad846d5142429a50a17ef62efc1,
        type: 3}
      propertyPath: m_LocalEulerAnglesHint.z
      value: 0
      objectReference: {fileID: 0}
    - target: {fileID: 1610667966129348748, guid: d6a29ad846d5142429a50a17ef62efc1,
        type: 3}
      propertyPath: m_LocalPosition.x
      value: -0.15
      objectReference: {fileID: 0}
    - target: {fileID: 1610667966129348748, guid: d6a29ad846d5142429a50a17ef62efc1,
        type: 3}
      propertyPath: m_LocalPosition.z
      value: 5.46
      objectReference: {fileID: 0}
    - target: {fileID: 1610667966129348748, guid: d6a29ad846d5142429a50a17ef62efc1,
        type: 3}
      propertyPath: m_LocalPosition.y
      value: 0
      objectReference: {fileID: 0}
    - target: {fileID: 1610667966870594416, guid: d6a29ad846d5142429a50a17ef62efc1,
        type: 3}
      propertyPath: m_LocalPosition.x
      value: -0.39
      objectReference: {fileID: 0}
    - target: {fileID: 1610667966870594416, guid: d6a29ad846d5142429a50a17ef62efc1,
        type: 3}
      propertyPath: m_LocalPosition.z
      value: -5.09
      objectReference: {fileID: 0}
    m_RemovedComponents: []
  m_SourcePrefab: {fileID: 100100000, guid: d6a29ad846d5142429a50a17ef62efc1, type: 3}
--- !u!4 &4362824026636786684 stripped
Transform:
  m_CorrespondingSourceObject: {fileID: 1610667965972739185, guid: d6a29ad846d5142429a50a17ef62efc1,
    type: 3}
  m_PrefabInstance: {fileID: 3085494255504748429}
  m_PrefabAsset: {fileID: 0}
--- !u!114 &4362824026636786685 stripped
MonoBehaviour:
  m_CorrespondingSourceObject: {fileID: 1610667965972739184, guid: d6a29ad846d5142429a50a17ef62efc1,
    type: 3}
  m_PrefabInstance: {fileID: 3085494255504748429}
  m_PrefabAsset: {fileID: 0}
  m_GameObject: {fileID: 0}
  m_Enabled: 1
  m_EditorHideFlags: 0
  m_Script: {fileID: 11500000, guid: b01be7799d6e35948a1f52cb3be009d2, type: 3}
  m_Name: 
  m_EditorClassIdentifier: 
