%YAML 1.1
%TAG !u! tag:unity3d.com,2011:
--- !u!1 &4942274862770978211
GameObject:
  m_ObjectHideFlags: 0
  m_CorrespondingSourceObject: {fileID: 0}
  m_PrefabInstance: {fileID: 0}
  m_PrefabAsset: {fileID: 0}
  serializedVersion: 6
  m_Component:
  - component: {fileID: 8272308864927961008}
  - component: {fileID: 1123124372552791430}
  - component: {fileID: 6677337147132627327}
  m_Layer: 0
  m_Name: 7 Flute (1)
  m_TagString: Untagged
  m_Icon: {fileID: 0}
  m_NavMeshLayer: 0
  m_StaticEditorFlags: 0
  m_IsActive: 1
--- !u!4 &8272308864927961008
Transform:
  m_ObjectHideFlags: 0
  m_CorrespondingSourceObject: {fileID: 0}
  m_PrefabInstance: {fileID: 0}
  m_PrefabAsset: {fileID: 0}
  m_GameObject: {fileID: 4942274862770978211}
  m_LocalRotation: {x: 0.13805693, y: 0.6127485, z: -0.6740635, w: 0.38873905}
  m_LocalPosition: {x: 0.45692986, y: -1.0164568, z: -0.10921505}
  m_LocalScale: {x: 0.0019701929, y: 0.0019701929, z: 0.0019701922}
  m_Children: []
  m_Father: {fileID: 5865611676951303013}
  m_RootOrder: 0
  m_LocalEulerAnglesHint: {x: 68.971, y: 53.992004, z: -81.481}
--- !u!33 &1123124372552791430
MeshFilter:
  m_ObjectHideFlags: 0
  m_CorrespondingSourceObject: {fileID: 0}
  m_PrefabInstance: {fileID: 0}
  m_PrefabAsset: {fileID: 0}
  m_GameObject: {fileID: 4942274862770978211}
  m_Mesh: {fileID: -7359112485039927882, guid: 78a587ca0798a5240a8ba9c4a6721444, type: 3}
--- !u!23 &6677337147132627327
MeshRenderer:
  m_ObjectHideFlags: 0
  m_CorrespondingSourceObject: {fileID: 0}
  m_PrefabInstance: {fileID: 0}
  m_PrefabAsset: {fileID: 0}
  m_GameObject: {fileID: 4942274862770978211}
  m_Enabled: 1
  m_CastShadows: 1
  m_ReceiveShadows: 1
  m_DynamicOccludee: 1
  m_MotionVectors: 1
  m_LightProbeUsage: 1
  m_ReflectionProbeUsage: 1
  m_RenderingLayerMask: 1
  m_RendererPriority: 0
  m_Materials:
  - {fileID: 2100000, guid: 0153d809e8daae448972325d99d0213a, type: 2}
  m_StaticBatchInfo:
    firstSubMesh: 0
    subMeshCount: 0
  m_StaticBatchRoot: {fileID: 0}
  m_ProbeAnchor: {fileID: 0}
  m_LightProbeVolumeOverride: {fileID: 0}
  m_ScaleInLightmap: 1
  m_ReceiveGI: 1
  m_PreserveUVs: 0
  m_IgnoreNormalsForChartDetection: 0
  m_ImportantGI: 0
  m_StitchLightmapSeams: 1
  m_SelectedEditorRenderState: 3
  m_MinimumChartSize: 4
  m_AutoUVMaxDistance: 0.5
  m_AutoUVMaxAngle: 89
  m_LightmapParameters: {fileID: 0}
  m_SortingLayerID: 0
  m_SortingLayer: 0
  m_SortingOrder: 0
--- !u!1 &7439259831032488310
GameObject:
  m_ObjectHideFlags: 0
  m_CorrespondingSourceObject: {fileID: 0}
  m_PrefabInstance: {fileID: 0}
  m_PrefabAsset: {fileID: 0}
  serializedVersion: 6
  m_Component:
  - component: {fileID: 5865611676951303013}
  m_Layer: 0
  m_Name: 7 Flute
  m_TagString: Untagged
  m_Icon: {fileID: 0}
  m_NavMeshLayer: 0
  m_StaticEditorFlags: 0
  m_IsActive: 1
--- !u!4 &5865611676951303013
Transform:
  m_ObjectHideFlags: 0
  m_CorrespondingSourceObject: {fileID: 0}
  m_PrefabInstance: {fileID: 0}
  m_PrefabAsset: {fileID: 0}
  m_GameObject: {fileID: 7439259831032488310}
  m_LocalRotation: {x: 0.13805972, y: 0.61274683, z: -0.6740628, w: 0.38874176}
  m_LocalPosition: {x: 0.45692986, y: -1.0164568, z: -0.10921505}
  m_LocalScale: {x: 1, y: 1, z: 1}
  m_Children:
  - {fileID: 8272308864927961008}
  m_Father: {fileID: 0}
  m_RootOrder: 0
  m_LocalEulerAnglesHint: {x: 68.971, y: 53.992004, z: -81.481}
